@ARTICLE{guidelines:foe:2013,
    AUTHOR = {Hofer, Nikolaus},
    TITLE = {Die Redaktionsrichtlinien der Fundberichte aus Österreich},
    SUBTITLE = {Neue Fassung 2014},
    DATE = {2013},
    LANGUAGE = {german},
    JOURNALTITLE = ufg-FundberOesterreich ,
    VOLUME = {52},
    REALDATE = {2014},
    PAGES = {155--162},
    URL = {http://www.bda.at/documents/735413866.pdf},
    URLDATE = {2017-01-25},
    GENDER = {sm},
}
@ARTICLE{guidelines:nnu:2015,
    TITLE = {Hinweise für Autoren der Nachrichten aus Niedersachsens Urgeschichte, der Beihefte (Fundchronik) sowie der Reihen MAN und BAN (Stand 2015)},
    DATE = {2015},
    JOURNALTITLE = ufg-NachrNiedersachsenUrgesch,
    VOLUME = {84},
    PAGES = {264--270},
    URL = {http://www.denkmalpflege.niedersachsen.de/download/107852/Autorenrichtlinien_fuer_Veroeffentlichungen_der_Archaeologie_in_Niedersachsen_2015.pdf},
    URLDATE = {2016-08-04},
    SHORTTITLE = {Hinweise Nachr. Niedersachs. Urgesch.},
}
@SUPPPERIODICAL{guidelines:rgk:1991,
    AUTHOR = {{Römisch-Germanische Kommission des Deutschen Archäologischen Instituts}},
    TITLE = {Richtlinien für Veröffentlichungen zur Ur-, Vor- und Frühgeschichte, Archäologie der Römischen Provinzen und Archäologie des Mittelalters},
    DATE = 1991,
    JOURNALTITLE = ufg-BerRGK,
    VOLUME = 71,
    NUMBER = 2,
    PAGES = {973--998},
    LANGUAGE = {german},
    SHORTAUTHOR = {RGK},
    URL = {http://www.av-rheinland.de/Richtlinien.pdf},
    GENDER = {sf},
    URLDATE = {2016-07-23},
    AUTHORTYPE = {editor},
}
@ONLINE{guidelines:aaa:2009,
    AUTHOR = {{American Anthropological Association}},
    TITLE = {AAA Style Guide},
    DATE = {2009},
    URL = {https://web.archive.org/web/20150905063619/http://www.aaanet.org/publications/style_guide.pdf},
    URLDATE = {2016-07-24},
    GENDER = {sf},
    SHORTAUTHOR = {AAA},
}
@UNPUBLISHED{guidelines:aefkw,
    AUTHOR = {{Ägyptologische Forschungsstätte für Kulturwissenschaft}},
    TITLE = {Richtlinien zur Erstellung eines Manuskriptes in der Reihe \mkbibquote{Ägyptologie und Kulturwissenschaft} (Fink-Verlag)},
    LANGUAGE = {german},
    SHORTAUTHOR = {ÄFKW},
    GENDER = {sf},
}
@ONLINE{guidelines:aja,
    AUTHOR = {{American Journal of Archaeology}},
    TITLE = {Bibliographical References and Notes},
    LANGUAGE = {american},
    URL = {http://www.ajaonline.org/submissions/references},
    URLDATE = {2016-10-20},
    GENDER = {sn},
    SHORTAUTHOR = {AJA},
}
@ONLINE{guidelines:amit:2002,
    AUTHOR = {{Deutsches Archäologisches Institut}},
    TITLE = {Richtlinien für Veröffentlichungen der Eurasien-Abteilung des Deutschen Archäologischen Instituts},
    DATE = {2002},
    LANGUAGE = {german},
    SHORTAUTHOR = {RGZM},
    URL = {http://www.dainst.org/medien/de/richtlinien_eur_de.pdf},
    GENDER = {sn},
    URLDATE = {2010-08-08},
}
@ONLINE{guidelines:austriaca:2013,
    AUTHOR = {{Institut für Orientalische und Europäische Archäologie, Österreichische Akademie der Wissenschaften}},
    TITLE = {Archaeologia Austriaca (ArchA) -- Richtlinien},
    LANGUAGE = {german},
    SHORTAUTHOR = {OREA},
    URL = {http://www.oeaw.ac.at/praehist/fileadmin/template/main/res/pdf/OREA_EU_Richtlinien_ArchA_2013.pdf},
    GENDER = {sn},
    URLDATE = {2016-07-23},
}
@ONLINE{guidelines:austriaca:de,
    AUTHOR = {{Institut für Orientalische und Europäische Archäologie, Österreichische Akademie der Wissenschaften}},
    TITLE = {Archaeologia Austriaca},
    SUBTITLE = {Richtlinien für Manuskripte in deutscher Sprache},
    LANGUAGE = {german},
    SHORTAUTHOR = {OREA},
    URL = {http://hw.oeaw.ac.at/0xc1aa500e_0x00329c52},
    GENDER = {sn},
    URLDATE = {2016-07-23},
}
@ONLINE{guidelines:austriaca:en,
    AUTHOR = {{Institut für Orientalische und Europäische Archäologie, Österreichische Akademie der Wissenschaften}},
    TITLE = {Archaeologia Austriaca},
    SUBTITLE = {Guidelines for English-language Manuscripts},
    LANGUAGE = {english},
    SHORTAUTHOR = {OREA},
    URL = {http://hw.oeaw.ac.at/0xc1aa500e_0x00329c54},
    GENDER = {sn},
    URLDATE = {2016-07-23},
}
@ONLINE{guidelines:dguf:alt,
    AUTHOR = {{Deutsche Gesellschaft für Ur- und Frühgeschichte}},
    TITLE = {Archäologische Informationen},
    SUBTITLE = {Hinweise der Redaktion},
    LANGUAGE = {german},
    SHORTAUTHOR = {DGUF},
    URL = {http://web.archive.org/web/20030915065031/http://www.dguf.de/ArchInfo/redaktionshinweise.htm},
    GENDER = {sf},
    URLDATE = {2016-07-23},
}
@ONLINE{guidelines:dguf:apa,
    AUTHOR = {{Deutsche Gesellschaft für Ur- und Frühgeschichte}},
    TITLE = {Zitierweise, Literatur- und Quellennachweise in den Archäologischen Informationen nach dem Regelwerk APA 6},
    DATE = {2015-06},
    URL = {http://www.dguf.de/fileadmin/user_upload/publikationen/AI/DGUF-Dok_Arch_Inf_Zitierweise-nach-APA6.pdf},
    URLDATE = {2016-10-17},
    SHORTAUTHOR = {DGUF},
    GENDER = {sf},
    LANGUAGE = {german},
}
@ONLINE{guidelines:dguf:neu,
    AUTHOR = {{Deutsche Gesellschaft für Ur- und Frühgeschichte}},
    TITLE = {Archäologische Informationen},
    SUBTITLE = {Hinweise der Redaktion},
    LANGUAGE = {german},
    SHORTAUTHOR = {DGUF},
    URL = {http://web.archive.org/web/20070630141403/http://www.dguf.de/ArchInfo/redaktionshinweise.htm},
    GENDER = {sf},
    URLDATE = {2016-07-23},
}
@ONLINE{guidelines:eaz:article,
    TITLE = {Richtlinien für Publikationen in der \mkbibquote{Ethnographisch-Archäologischen Zeitschrift} (EAZ) ab 51. Jahrgang 2010},
    LANGUAGE = {German},
    URL = {http://www.gko.uni-leipzig.de/fileadmin/user_upload/historisches_seminar/02urundfruehgeschichte/dateien/Richtlinien_Veroeffentlichungen_EAZ.pdf},
    URLDATE = {2016-11-27},
    SHORTAUTHOR = {EAZ},
    GENDER = {sf},
    SHORTTITLE = {Richtlinien EAZ},
}
@ONLINE{guidelines:egypt:goe,
    AUTHOR = {Nina Wagenknecht AND Federica Guccini},
    TITLE = {Leitfaden zum Zitieren und Bibliographieren},
    DATE = {2016-01},
    URL = {http://www.uni-goettingen.de/de/zitierleitfaden/517198.html},
    URLDATE = {2016-11-04},
    GENDER = {pf},
    LANGUAGE = {german},
}
@ONLINE{guidelines:ethno:ffm,
    EDITOR = {Lindner, Markus},
    EDITORTYPE = {redactor},
    TITLE = {Formale Gestaltung wissenschaftlicher Arbeiten},
    LANGUAGE = {german},
    URL = {https://www.uni-frankfurt.de/45426646/Broschuere-Wissenschaftliches-Arbeiten.pdf},
    URLDATE = {2016-11-02},
    GENDER = {sm},
    EDITION = 3,
}
@ONLINE{guidelines:ethno:goe:2014,
    AUTHOR = {Reithofer, Hans},
    TITLE = {Akademische Hausarbeiten},
    SUBTITLE = {Ein Leitfaden mit Richtlinien und Empfehlungen},
    DATE = {2008/2014},
    URL = {https://www.uni-goettingen.de/de/86102.html},
    URLDATE = {2016-07-24},
    GENDER = {sf},
}
@ONLINE{guidelines:foe:old,
    EDITOR = {Bundesdenkmalamt},
    TITLE = {Die Redaktionsrichtlinien der \enquote{Fundberichte aus Österreich}},
    LANGUAGE = {german},
    URL = {http://www.bda.at/documents/595727225.pdf},
    URLDATE = {2010-08-08},
    GENDER = {sn},
}
@ONLINE{guidelines:kaak:2014:de,
    AUTHOR = {{Kommission für Archäologie außereuropäischer Kulturen des Deutschen Archäologischen Instituts}},
    TITLE = {Leitfaden zur Manuskriptgestaltung für Publikationen der KAAK},
    DATE = {2014-09-05},
    LANGUAGE = {german},
    SHORTAUTHOR = {KAAK},
    URL = {http://www.dainst.org/documents/10180/148545/Merkblatt+für+Autoren+der+KAAK/f8f2acd0-b556-42d1-bc79-c33876e6d29e},
    GENDER = {sf},
    URLDATE = {2016-07-23},
}
@UNPUBLISHED{guidelines:kaak:2016:en,
    AUTHOR = {{Kommission für Archäologie außereuropäischer Kulturen des Deutschen Archäologischen Instituts}},
    TITLE = {Information for Authors \& Style Guide},
    DATE = {2016-01-15},
    LANGUAGE = {english},
    SHORTAUTHOR = {KAAK},
    GENDER = {sf},
}
@UNPUBLISHED{guidelines:kreisheimatbund:neuss,
    AUTHOR = {{Kreisheimatbund Neuss}},
    TITLE = {Redaktionelle Richtlinien für das \mkbibquote{Jahrbuch für den Rhein-Kreis Neuss}},
    LANGUAGE = {german},
    GENDER = {sm},
}
@ONLINE{guidelines:kunstgeschichte:freiburg,
    TITLE = {Leitfaden zur Anfertigung von wissenschaftlichen Hausarbeiten, B.A.- und Master-Arbeiten am Kunstgeschichtlichen Institut Freiburg},
    LANGUAGE = {german},
    URL = {https://www.kunstgeschichte.uni-freiburg.de/studieninformationen/ba/ba_hf/leitfaeden_vorlagen_richtlinien/leitfaden_info},
    URLDATE = {2016-10-20},
    GENDER = {sn},
    SHORTAUTHOR = {{Kunstgeschichte Freiburg}},
}
@ONLINE{guidelines:kunstgeschichte:goettingen,
    EDITOR = {{Lehrende des Kunstgeschichtlichen Seminars und der Kunstsammlung der Universität Göttingen}},
    TITLE = {Hinweise zum wissenschaftlichen Arbeiten in der Kunstgeschichte},
    DATE = {2014-10},
    LANGUAGE = {german},
    URL = {https://www.uni-goettingen.de/de/document/download/46e1c3b902ad5e03480169408a4898ac.pdf/Leitfaden_wissArbeiten_Oktober2014.pdf},
    URLDATE = {2016-10-20},
    GENDER = {pp},
    SHORTAUTHOR = {{Kunstgeschichte Göttingen}},
}
@ONLINE{guidelines:lda:2009,
    AUTHOR = {Schlenker, Monika},
    TITLE = {Richtlinien für Publikationen des Landesamtes für Denkmalpflege und Archäologie Sachsen-Anhalt (Stand  1. April 2009)},
    DATE = {2009-04-01},
    LANGUAGE = {german},
    URL = {http://www.lda-lsa.de/fileadmin/bilder/dienste/redaktion/Publikationsrichtlinien.pdf},
    GENDER = {sf},
    URLDATE = {2016-07-23},
}
@ONLINE{guidelines:lwl:2013,
    AUTHOR = {{LWL-Archäologie für Westfalen}},
    TITLE = {Publikationsrichtlinien \mkbibquote{Ausgrabungen und Funde in  Westfalen Lippe}},
    DATE = {2013-01},
    URL = {http://www.lwl.org/wmfah-download/pdf/AFWL_Autorenrichtlinien_Januar2013.pdf},
    URLDATE = {2016-07-24},
    GENDER = {sn},
    SHORTAUTHOR = {LWL},
}
@ONLINE{guidelines:maja:2015,
    AUTHOR = {{Münchner Arbeitskreis Junge Aegyptologie}},
    TITLE = {Manuskriptgestaltung für die MAJA-Beiträge},
    DATE = {2015-03-31},
    LANGUAGE = {german},
    SHORTAUTHOR = {MAJA},
    URL = {http://www.aegyptologie.uni-muenchen.de/download/manuskriptgest-maja15.pdf},
    GENDER = {sm},
    URLDATE = {2016-07-23},
}
@ONLINE{guidelines:mpk:2013,
    AUTHOR = {{Institut für Orientalische und Europäische Archäologie, Österreichische Akademie der Wissenschaften}},
    TITLE = {Mitteilungen der Prähistorischen Kommission (MPK) -- Richtlinien},
    DATE = {2015-03-31},
    LANGUAGE = {german},
    SHORTAUTHOR = {OREA},
    URL = {http://www.orea.oeaw.ac.at/fileadmin/user_upload/publikationsrichtlinien/Richtlinien_MPK/OREA_EU_Richtlinien_MPK_2013.pdf},
    GENDER = {sn},
    URLDATE = {2016-07-23},
}
@ONLINE{guidelines:muenster,
    AUTHOR = {Woltermann, G. AND Graefe, J.},
    TITLE = {Zitier-Regeln},
    LANGUAGE = {german},
    URL = {https://www.uni-muenster.de/imperia/md/content/geschichte/ufg/pdf/zitier-regeln.pdf},
    GENDER = {sf},
    URLDATE = {2016-07-23},
    ORGANIZATION = {Westfälische Wilhelms-Universität Münster, Historisches Seminar, Abteilung für Ur- und Frühgeschichtliche Archäologie},
    AUTHORTYPE = {compiler},
}
@ONLINE{guidelines:offa:2009,
    AUTHOR = {{Institut für Ur- und Frühgeschichte der Christian-Albrechts-Universität zu Kiel}},
    TITLE = {Richtlinien der Redaktion für die Autoren der Offa-Zeitschrift und Offa-Bücher sowie weiterer Publikationen},
    DATE = {2009-06},
    LANGUAGE = {german},
    URL = {https://www.ufg.uni-kiel.de/de/schriften-institutes/wissenschaftliche-redaktion-und-publikationen/verlinkte-dateien/richtlinien-2009.pdf},
    GENDER = {sn},
    URLDATE = {2016-07-23},
    SHORTAUTHOR = {Ufg. Kiel},
}
@ONLINE{guidelines:rgzm:2007,
    AUTHOR = {{Römisch-Germanisches Zentralmuseum}},
    TITLE = {Hinweise für Autoren des Archäologischen Korrespondenzblattes},
    DATE = {2007},
    LANGUAGE = {german},
    SHORTAUTHOR = {RGZM},
    URL = {http://web.archive.org/web/20090920060307/http://web.rgzm.de/fileadmin/gruppen/Verlag/Arch_Korrbl_HinweiseAutoren_dt.pdf},
    GENDER = {sn},
    URLDATE = {2016-07-23},
}
@ONLINE{guidelines:rgzm:2014:de,
    AUTHOR = {{Römisch-Germanisches Zentralmuseum}},
    TITLE = {Autorenrichtlinien für Publikationen im Verlag des RGZM},
    DATE = {2014-09},
    LANGUAGE = {german},
    SHORTAUTHOR = {RGZM},
    URL = {http://web.rgzm.de/fileadmin/Gruppen/Verlag/RGZM_Verlagsrichtlinien.pdf},
    GENDER = {sn},
    URLDATE = {2016-07-23},
}
@ONLINE{guidelines:rgzm:2014:en,
    AUTHOR = {{Römisch-Germanisches Zentralmuseum}},
    TITLE = {Guidelines for authors for publications in the RGZM publishing house},
    DATE = {2014-09},
    LANGUAGE = {english},
    SHORTAUTHOR = {RGZM},
    URL = {http://web.rgzm.de/fileadmin/Gruppen/Verlag/RGZM_Guidelines.pdf},
    GENDER = {sn},
    URLDATE = {2016-07-23},
}
@ONLINE{guidelines:rgzm:2014:fr,
    AUTHOR = {{Römisch-Germanisches Zentralmuseum}},
    TITLE = {Recommandations aux auteurs pour les publications aux éditions du RGZM},
    DATE = {2014-09},
    LANGUAGE = {french},
    SHORTAUTHOR = {RGZM},
    URL = {http://web.rgzm.de/fileadmin/Gruppen/Verlag/RGZM_Recommandations.pdf},
    GENDER = {sn},
    URLDATE = {2016-07-23},
}
@ONLINE{guidelines:rgzm:ra,
    AUTHOR = {{Römisch-Germanisches Zentralmuseum}},
    TITLE = {Hinweise für Autoren der Zeitschrift Restaurierung und Archäologie},
    LANGUAGE = {german},
    SHORTAUTHOR = {RGZM},
    URL = {http://web.rgzm.de/fileadmin/Gruppen/Verlag/PDF-Dateien/R_A/RA_Hinweise_Autoren.pdf},
    GENDER = {sn},
    URLDATE = {2016-07-23},
}
@ONLINE{guidelines:rlm:trier,
    AUTHOR = {{Rheinisches Landesmuseum Trier}},
    TITLE = {Publikationsrichtlinien des Rheinischen Landesmuseums Trier},
    DATE = {2006-07},
    LANGUAGE = {german},
    URL = {http://www.landesmuseum-trier.de/lib/01_Information/publikationen/1-4publikationen_publ-richtlinien-rlmtrier-2006.pdf},
    SHORTNAME = {RLM Trier},
    GENDER = {sn},
    URLDATE = {2016-07-23},
}
@ONLINE{guidelines:schlagworte:dai,
    AUTHOR = {{Deutsches Archäologisches Institut}},
    TITLE = {Schlagwortliste zur formalen Gestaltung von Manuskripten},
    LANGUAGE = {german},
    URL = {https://www.dainst.org/documents/10180/70593/01_Schlagwortliste_quer.pdf/60686d03-44a0-4fc0-a614-136c50257a12},
    URLDATE = {2016-10-19},
    GENDER = {sn},
}
@ONLINE{guidelines:volkskunde,
    AUTHOR = {{Zeitschrift für Volkskunde}},
    TITLE = {Hinweise zur Manuskriptbearbeitung (Aufsätze)},
    URL = {http://www.d-g-v.org/sites/default/files/ah-aufsaetze.pdf},
    URLDATE = {2016-10-14},
    SHORTAUTHOR = {ZfV},
    GENDER = {sf},
    LANGUAGE = {german},
}
@ONLINE{guidelines:zaes:de,
    EDITOR = {{Zeitschrift für Ägyptische Sprache und Altertumskunde}},
    TITLE = {Richtlinien},
    LANGUAGE = {german},
    URL = {http://www.gko.uni-leipzig.de/nc/de/aegyptologisches-institut/zaes/informationen-fuer-autoren.html?cid=32300&did=10462&sechash=3a4db2ac},
    URLDATE = {2017-02-24},
    SHORTAUTHOR = {ZÄS},
    GENDER = {sf},
}
@ONLINE{guidelines:zaes:en,
    EDITOR = {{Zeitschrift für Ägyptische Sprache und Altertumskunde}},
    TITLE = {Guidelines},
    LANGUAGE = {english},
    URL = {http://www.gko.uni-leipzig.de/nc/de/aegyptologisches-institut/zaes/informationen-fuer-autoren.html?cid=32300&did=10463&sechash=bc2dd478},
    URLDATE = {2017-02-24},
    SHORTAUTHOR = {ZÄS},
    GENDER = {sf},
}
