@INCOLLECTION{auler:hiller:2011,
	author = {Auler, Jost AND Hiller, Petra},
	title = {Ein Kinderschuh des 19. Jahrhunderts aus Dor\-ma\-gen\--Stür\-zel\-berg, Rhein-Kreis Neuss},
	keywords = {Schuh, Kind, Dormagen, Nordrhein-Westfalen, 19. Jahrhundert},
	crossref = {radmacher:kronsbein:2011},
	pages = {65--73},
    gender = {pp},
    options = {uselabeltitle=true},
    shorttitle = {Kinderschuh},
}
@ARTICLE{auler:hiller:2015,
	author = {Auler, Jost AND Hiller, Petra},
	title = {Gürtelschnallen, Messerfragment und ein Dominostein -- (Boden)funde von einem historischen Nebenerwerbshof in Dor\-ma\-gen\--Stür\-zel\-berg},
	keywords = {Ernährung, landwirtschaft, Dormagen, Nordrhein-Westfalen, 19. Jahrhundert},
	date = {2015},
	pages = {54--60},
	journaltitle = ufg-Niederrhein,
	volume = 82,
	location = {Krefeld},
    shorttitle = {Gürtelschnallen},
    gender = {pp},
}
@INCOLLECTION{auler:hiller:2015a,
	author = {Auler, Jost AND Hiller, Petra},
	title = {Buchweizen und Ziegenmilch},
	subtitle = {Beobachtungen zum Alltagsleben auf einem niederrheinischen Ackererhof in Dor\-ma\-gen\--Stür\-zel\-berg im 19. und frühen 20. Jahrhundert},
	keywords = {Domino, Spiel, Dormagen, Nordrhein-Westfalen, 19. Jahrhundert},
	crossref = {kronsbein:siepen:2015},
	pages = {37--57},
    shorttitle = {Buchweizen},
    gender = {pp},
    options = {uselabeltitle=true},
    shorttitle = {Ziegenmilch},
}
@ARTICLE{auler:hiller:2016,
	author = {Auler, Jost AND Hiller, Petra},
	title = {Buchweizenpfannkuchen, Maifischfilet und Ziegenkäse},
	subtitle = {Zur Eigenversorgung einer kleinen dörflichen Hofstelle in Stürzelberg im 19. und in der ersten Hälfte des 20. Jahrhunderts},
	keywords = {Ernährung, landwirtschaft, Dormagen, Nordrhein-Westfalen, 19. Jahrhundert},
	date = {2016},
	pages = {30--43},
	journaltitle = {Jahrbuch für den Rhein-Kreis Neuss},
	location = {Neuss},
    gender = {pp},
    options = {uselabeltitle=true},
    shorttitle = {Maifischfilet},
}
@INREFERENCE{authen-blom:1989,
    author = {Authén-Blom, Grethe},
    title = {Erik Blutaxt},
    edition = {2},
    pages = {501--502},
    crossref = {hoops:1989},
    keywords = {Erik Blutaxt, Wikinger},
    xref = {hoops:1989}
}
@INREFERENCE{bauchhenss:et:al:1978,
    author = {Bauchhenß, G. AND Beck, Heinrich AND Hassel, F. J. AND Capelle,
	Torsten AND Wilson, David M.},
    title = {Brettspiel},
    edition = {2},
    pages = {450--458},
    crossref = {hoops:1978},
    keywords = {Brettspiel, Römer, Frühmittelalter},
    xref = {hoops:1978}
}
@ARTICLE{bhattacharyya:1973,
    author = {Bhattacharyya, N. N.},
    title = {The King and the Dice},
    journaltitle = ufg-JournalOrientInst,
    date = {1973/1974},
    subtitle = {A Study in the Rituals of the Rājasūa},
    volume = {23},
    pages = {287--307},
    keywords = {Spiel, Würfel, Indologie, Rājasūa, Sanskrit, Religion},
    location = {Baroda}
}
@INBOOK{boppert:1998,
    author = {Boppert, Walburg},
    title = {Zwei Grabsteinfragmente},
    pages = {265--275},
    crossref = {stanzl:1998},
    keywords = {Grabstein, St. Kastor, Koblenz, Rheinland-Pfalz, Römer, Mittelalter},
    xref = {stanzl:1998}
}
@INCOLLECTION{edenmo:1997,
    author = {Edenmo, Roger},
    title = {Gravar som samhällspegel?},
    pages = {52--57},
    crossref = {bratt:lundstroem:1997},
    keywords = {Bronzezeit, vorrömische Eisenzeit, Schweden, Bestattung},
    xref = {bratt:lundstroem:1997}
}
@INBOOK{harck:1980,
    AUTHOR = {Harck, Ole},
    TITLE = {Landschaftsgeschichte und Archäologie an der Westküste der jütischen Halbinsel},
    PAGES = {32--63},
    CROSSREF = {kossack:et:al:1980},
    KEYWORDS = {Archsum, Sylt, Schleswig-Holstein, Archäologie, Siedlungsarachäologie, Umweltgeschichte, Geologie},
}
@INCOLLECTION{huet:o:j,
    author = {Huet, Theo},
    title = {Een Mexikaanse Schaakpartij},
    pages = {150--161},
    abstract = {Reprinted from journal Het Parool 1946},
    crossref = {de:laet:o:j},
    keywords = {Belgien, Flandern, Phantastik, Literatur, Schach},
    xref = {de:laet:o:j},
    abstract = {First published in 1946.},
}
@ARTICLE{ib:2016a,
    author = {Braun, Ingram},
    title = {Die Kenntnis des Dominospiels in Europa: Archäologie, Geschichte, Bibliographie},
    journaltitle = ufg-BoardGameStudJournal,
    location = {Berlin},
    publisher = {de Gruyter},
    language = {german},
    gender = {sm},
    keywords = {Spiel, Domino, Europa, Spielbücher, Grafik, Druck, Knochenschnitzerei, Archäologie},
    shorttitle = {Kenntnis},
    volume = 10,
    number = 1,
    date = 2016,
    doi = {10.1515/bgs-2016-0004},
    url = {https://www.degruyter.com/view/j/bgs.2016.10.issue-1/bgs-2016-0004/bgs-2016-0004.xml},
    pages = {61--100},
}
@ARTICLE{ilinskaja:1965,
    AUTHOR = {Il’inskaja, V.~A.},
    TITLE = {Nekotorye motivy ranneskifs kogo zverinogo stilja},
    DATE = {1965},
    JOURNALTITLE = ufg-SovetskajaArch,
    VOLUME = {1},
    PAGES = {86--107},
    SUMMARYTITLE = {Sur quelques motifs du style animal scythique},
    LOCATION = {Moskva},
}
@INPROCEEDINGS{schaedler:1999,
    author = {Schädler, Ulrich},
    title = {Damnosa alea -- Würfelspiel in Griechenland und Rom},
    pages = {39--58},
    crossref = {oberlechner:1999},
    keywords = {Griechenland, Römer, Würfel, Spiel},
    xref = {oberlechner:1999}
}
@ARTICLE{stafford:2004,
    author = {Stafford, Pauline},
    title = {All the moves},
    journaltitle = ufg-TimesLitSuppl,
    date = {2004-12-17},
    pages = {32},
    abstract = {Besprechung zu Yalom 2004.},
    keywords = {Schach, Mittelalter},
    entrysubtype = {news},
    language = {english},
    gender = {sf},
    location = {London},
}
@INCOLLECTION{summerhayes:et:al:1993,
    author = {Summerhayes, G. R. AND Gosden, C. AND Fullagar, Richard AND Specht,
	J. AND Torrence, R. AND Bird, J. Roger AND Shahgholi, N. AND Katsaros,
	A.},
    title = {West New Britain obsidian},
    subtitle = {Production and consumption patterns},
    pages = {57--68},
    crossref = {fankhauser:bird:1993},
    keywords = {Obsidian, Archäometrie, PIXEL-PIGME, Australien},
    xref = {fankhauser:bird:1993}
}
@INBOOK{test::source,
    crossref = {linnaeus:2003},
    author = {Author, Andrew},
    title = {Test},
    pages = {1--6},
}
@THESIS{apetz:1989,
    author = {Apetz, Rotraud},
    title = {Zetel, Ketzendorf, Maschen, Oldendorf -- Gräberfelder an der
	Peripherie des karolingischen Reiches},
    type = {magisterthesis},
    date = {1989},
    subtitle = {Grabformen und Grabsitten am Übergang zum Christentum},
    keywords = {Zetel, Ketzendorf, Oldendorf, Maschen, Niedersachsen, Frühmittelalter,
	Sachsen, Friesen, Bestattung, Christentum, Totenkult},
    location = {Kiel},
    volumes = {2}
}
@COLLECTION{bratt:lundstroem:1997,
    editor = {Bratt, Peter AND Lundström, Åsa},
    title = {Bronsålder och äldre järnålder i Stockholms län},
    date = {1997},
    subtitle = {Två seminarier vid Stockholms läns museum},
    publisher = {GOTAB},
    location = {Stockholm},
    booksubtitle = {Två seminarier vid Stockholms läns museum},
    booktitle = {Bronsålder och äldre järnålder i Stockholms län}
}
@THESIS{czarnetzki:1966,
    author = {Czarnetzki, Alfred},
    title = {Die menschlichen Skelettreste aus vier neolithischen Steinkisten
	Hessens und Niedersachsens},
    type = {Diss. rer. nat.},
    date = {1966},
    keywords = {Neolithikum, Niedersachsen, Calden, Anthropologie, Megalithik, Hessen},
    location = {Tübingen},
    institution = {Univ. Tübingen},
}
@COLLECTION{de:laet:o:j,
    editor = {De Laet, Danny},
    title = {Dageraad des duivels},
    subtitle = {Vlaamse fantastiek en science fiction uit de 19de en 20de eeuw},
    series = {Kijkgatpaperback speciaal},
    number = {6},
    publisher = {Soethoudt},
    location = {Antwerpen},
    pagetotal = {294},
    editortype = {compiler},
    keywords = {Belgien, Literatur, Phantastik, Flandern},
    gender = {sm},
    language = {dutch},
}
@BOOK{de:neck:yoder:1978,
    author = {de Neck Yoder, Hilda},
    title = {Dramatizations of social change},
    date = {1978},
    subtitle = {Herman Heijermans' plays as compared with selected dramas by Ibsen,
	Hauptmann and Chekhov},
    publisher = {Martinus Nijhoff},
    isbn = {90 247 2117 7},
    pagetotal = {81},
    series = ufg-BiblNeerlandicaExtraMuros,
    number = {5},
    location = {The Hague AND Boston AND London},
    abstract = {Behandelt \mkbibquote{Ghetto}, \mkbibquote{Op Hoop van Zegen} und \mkbibquote{Ora
	et Labora}},
    keywords = {Niederlande, Literatur, Theater, Naturalismus}
}
@BOOK{domino:1780,
	title = {Règles et principes sur le jeu de domino, avec les décisions des meilleurs joueurs},
	date = {1780},
	location = {Amsterdam AND Paris},
	publisher = {Fournier},
	keywords = {Domino, Frankreich, 18. Jahrhundert, Spiel},
}
@COLLECTION{fankhauser:bird:1993,
    editor = {Fankhauser, Barry L. AND Bird, J. Roger},
    title = {Archaeometry},
    date = {1993},
    subtitle = {Current {A}ustralasian Research},
    series = ufg-OccasionalPapersPrehist,
    number = {22},
    publisher = {Department of Prehistory, Research School of Pacific Studies, The
	Australian National University},
    location = {Canberra},
    booksubtitle = {Current {A}ustralasian Research},
    booktitle = {Archaeometry},
    language = {english},
    gender = {pm},
}
@COLLECTION{fuchs:kh:et:al:1998,
    editor = {Fuchs, Karl-Heinz AND Kempa, Martin AND Redies, Rainer AND Theune-Großkopf,
	Claudia AND Wais, Andr\'e},
    title = {Die Alamannen},
    date = {1998},
    edition = {3},
    publisher = {Theiss},
    location = {Stuttgart},
    booktitle = {Die Alamannen},
    editortype = {Red.}
}
@BOOK{fuchs:o:j,
    author = {Fuchs, Wolfgang},
    title = {Die vielen Gesichter des Woody Allen},
    publisher = {Taschen},
    keywords = {Film, USA, Allen: Woody, Biographie}
}
@BOOK{harsdoerffer:1656,
	author = {Harsdörffer, Georg Philipp},
	title = {Das astronomische Kartenspiel},
	date = {1656},
	location = {Nürnberg},
	publisher = {Wolgff.},
	keywords = {Astronomie, Spiel, Kartenspiel, 17. Jahrhundert},
}
@BOOKLET{hesse:c:1995,
    author = {{Hauswedell \& Nolte}},
    editor = {Hesse, Christian},
    editortype = {redactor},
    title = {Schachliteratur aus fünf Jahrhunderten},
    eventdate = {1995-11-24},
    date = {1995},
    location = {Hamburg},
    keywords = {Schach, Bibliographie},
    eventnumber = {314},
    eventtype = {auction},
    venue = {Hamburg},
    language = {german},
    gender = {sf},
}
@REFERENCE{hoops:1978,
    title = {Reallexikon der germanischen Altertumskunde},
    date = {1978},
    edition = {2},
    publisher = {de Gruyter},
    location = {Berlin AND New York},
    booktitle = {Reallexikon der germanischen Altertumskunde},
    volume = 3,
    shortform = {RGA},
}
@REFERENCE{hoops:1989,
    title = {Reallexikon der Germanischen Altertumskunde},
    date = {1989},
    volume = {7},
    edition = {2},
    publisher = {de Gruyter},
    location = {Berlin AND New York},
    booktitle = {Reallexikon der Germanischen Altertumskunde},
    shortform = {RGA},
}
@ONLINE{kenmore,
	url = {http://www.kenmore.org/kenmore/kp_arch.html},
	urldate = {2015-12-23},
	title = {Archaeology at Kenmore},
	author = {{The George Washington Foundation}},
    shortauthor = {{George Wahington Found.}},
	language = {english},
}
@BOOK{kossack:et:al:1980,
    AUTHOR = {Kossack, Georg AND Harck, Ole AND Newig, Jürgen AND Hoffmann, Dietrich AND Willkomm, Horst AND Averdieck, Fritz-Rudolf AND Reichstein, Joachim},
    TITLE = {Einführung in Forschungsverlauf und Landschaftsgeschichte},
    DATE = {1980},
    SERIES = ufg-RoemGermForsch,
    NUMBER = {39},
    LOCATION = {Mainz},
    PUBLISHER = {Philipp von Zabern},
    LANGUAGE = {german},
    MAINTITLE = {Archsum auf Sylt},
    VOLUME = {1},
    ISBN = {3805304447},
    SUBSERIES = ufg-StudKuestenarchSchleswigHolsteinB,
    SUBNUMBER = {1},
}
@COLLECTION{kronsbein:siepen:2015,
	editor = {Kronsbein, Stefan AND Siepen, Margareta},
	title = {Beiträge zur Archäologie des Niederrheins und Westfalens},
	titleaddon = {Festschrift für Christoph Reichmann},
    festschrift = {Reichmann, Christoph},
	date = {2015},
	publisher = {Verlag Stefan Kronsbein},
	location = {Krefeld},
    
}
@BOOKLET{lindauer:oj,
    author = {Lindauer, Joseph},
	title = {Bey Heinrich Friedrich Müller, Kunsthändler in Wien, am Kohlmarkt Nr. 1150 sind folgende neue Spiele erschienen, und bey Joseph Lindauer, Buchhändler in München zu haben},
	url = {http://www.mdz-nbn-resolving.de/urn/resolver.pl?urn=urn:nbn:de:bvb:12-bsb11002233-6},
	urldate = {2015-10-07},
    eprint = {urn:nbn:de:bvb:12-bsb11002233-6},
    eprinttype = {Bayerische Staatsbibliothek},
    realdate = {1825~},
    location = {München},
    entrysubtype = {digital},
}
@book{linnaeus:2003,
  author = {Linnæus, Carl},
  editor = {Fries, Ingegerd AND Fries, Sigurd},
  commentator = {Fries, Ingegerd AND Fries, Sigurd},
  title = {Iter {Lapponicum}},
  volumes = {2},
  series = ufg-KglSkytteanskaSamfundetsHandlingar,
  number = {54},
  location = {Umeå},
  date = {2003},
  isbn = {9186438247},
  keywords = {Schweden, Lappland, Ethnologie, Biologie, Botanik, 18. Jahrhundert,
	Norwegen, Finnland},
  origdate = {1732},
  pagetotal = {532},
  publisher = {Kungl. Skytteanska Samfundet},
  subtitle = {Lappländska resan 1732},
  language = {swedish},
  gender = {pp},
}
@PROCEEDINGS{oberlechner:1999,
    editor = {Oberlechner, Manfred},
    series = ufg-HomoludensSondernr,
    date = {1999},
    title = {5000 Jahre Würfelspiel},
    titleaddon = {Katalog zur Austellung im Schloß Kleßheim vom 31. August--31. Oktober 1999 und im Casino Linz (Casineum) vom 12. November--9. Dezember 1999 sowie 2000 im Casino Baden},
    number = {9},
    editortype = {redactor},
    location = {Salzburg},
    publisher = {Institut für Spielforschung und Spielpädagogik der Universität Mozarteum Salzburg},
    venue = {Kleßheim},
    eventdate = {1999-08-31/1999-10-31},
    multivenue = {Linz AND Baden},
    multieventdate = {1999 AND 2000},
    eventtype = {exhibition},
    organization = {Schloß Kleßheim AND Casino Linz AND Casino Baden},
}
@COLLECTION{radmacher:kronsbein:2011,
	editor = {Radmacher, Franz-Josef AND Kronsbein, Stefan},
	title = {Archiv und Erinnerung im Rhein-Kreis Neuss},
	titleaddon = {Festschrift für Karl Emsbach},
    festschrift = {Emsbach, Karl},
	date = {2011},
	publisher = {Kreisheimatbund},
	series = {Schriftenreihe des Kreisheimatbundes Neuss},
	number = {18},
	location = {Neuss},
}
@THESIS{sanchez:2014,
	author = {Sanchez, Caroline},
	title = {Le livres des jeux aux \RN{17}\textsuperscript{e} et \RN{18}\textsuperscript{e} siècles},
	subtitle = {Une typologie des lecteurs-joueurs},
	type = {mathesis},
	institution = {Université Lumière Lyon \RN{2}},
	date = {2014},
	location = {Lyon},
    url = {http://www.enssib.fr/bibliotheque-numerique/documents/64960-les-livres-de-jeux-aux-xviie-et-xviiie-siecles-une-typologie-des-lecteurs-joueurs.pdf},
	pagetotal = {146},
	keywords = {Spiel, 17. Jahrhundert, 18. Jahrhundert, Buchwesen},
    entrysubtype = {digital},
    language = {french},
    gender = {sf},
}
@COLLECTION{siebert:u:et:al:o:j,
    editor = {Siebert, Ursula AND Rousselot, Jean-Loup AND Jaeger, Astrid AND Jaeger,
	Halvor},
    title = {Schachspiele},
    subtitle = {Wandel im Laufe der Kunst- und Kulturgeschichte},
    titleaddon = {Privatsammlung Jaeger},
    location = {München AND Neu-Ulm},
    booksubtitle = {Privatsammlung Jaeger},
    booktitle = {Schachspiele. Wandel im Laufe der Kunst- und Kulturgeschichte},
    keywords = {Privatsammlung, Neuzeit, Schachfigur}
}
@BOOK{stanzl:1998,
    author = {Stanzl, Günther},
    title = {St. Kastor in Koblenz},
    date = {1998},
    subtitle = {Ausgrabungen und Bauuntersuchungen 1985--1990},
    publisher = {Wernersche Verlagsgesellschaft},
    series = ufg-DenkmalpflRheinlandPfalzForschber,
    number = {3},
    location = {Worms},
    bookauthor = {Stanzl, Günther},
    booksubtitle = {Ausgrabungen und Bauuntersuchungen 1985--1990},
    booktitle = {St. Kastor in Koblenz},
    keywords = {Paläodemographie, Koblenz, Rheinland-Pfalz, Kirche, Baugeschichte,
	St. Kastor}
}
@BOOK{sterk:1777,
	title = {Plan van philanthropynsche opvoeding of volledig bericht van het eerste philantropinum te Marschlins},
	date = {1777},
	translator = {Sterk, Augustus},
	location = {Leeuwarden AND Franeker},
	publisher = {H.~A. de Chalmot AND D.~Romar},
	keywords = {Schweiz, 18. Jahrhundert, Pädagogik, Philanthropie},
	pagetotal = 396,
	language = {dutch},
    gender = {sm},
}
@BOOK{tacitus:1981,
    author = {Tacitus, P. Cornelius},
    title = {Germania},
    date = {1981},
    editor = {Lindauer, Josef},
    subtitle = {Bericht über Germanien},
    publisher = {dtv},
    isbn = {3-423-09101-0},
    language = {latin and langgerman},
    location = {München},
    editortype = {editortrco},
    entrysubtype = {source},
    keywords = {Römer, Tacitus, Germania, Germanen, Ethnologie}
}
@MISC{test::firstnames::1,
    author = {von altem Adel, Christian Chlodwig Frank Llewellyn Äneas Philipp Stefan Ömer Thomas IJsbrand Óðinn Þórr Schorsch},
	title = {First name test},
	volume = 1,
	date = {1066},
}
@MISC{test::firstnames::2,
	author = {von altem Adel, Christian Chlodwig Frank Llewellyn Äneas Philipp Stefan Ömer Thomas IJsbrand Óðinn Schorsch Þórr},
	title = {First name test},
	volume = 1,
	date = {1066},
}
@MISC{test::prefixnames::1,
	author = {von und zu Hohenstein und Tiefenstein},
	title = {Name prefix test},
	volume = 1,
	date = {1066},
}
@BOOK{todorova:et:al:1981,
    author = {Todorova, Henrieta AND Tschochadshiew, Michael AND Vaisow, I.},
    title = {Jungsteinzeit in Bulgarien (Neolithikum und Äneolithikum)},
    date = {1981},
    publisher = {Komitee für Kultur},
    pagetotal = {211},
    location = {Sofia},
    multivenue = {Oldenburg AND Hannover},
    multieventdate = {1981/82 AND 1982},
    organization = {Braunschweigisches Landesmuseum AND Staatliches Museum für Naturkunde
	und Vorgeschichte AND Niedersächsisches Landesmuseum},
    venue = {Wolfenbüttel},
    eventdate = {1981},
    eventtype = {exhibition},
}
@THESIS{volk:1972,
    author = {Volk, Peter},
    title = {Medizingeschichtliche Überlieferung der römischen Antike
	und moderner archäologisch-pathologischer Befund am Beispiel
	eines römischen Brandgräberfeldes},
    type = {postdocthesis},
    date = {1972},
    subtitle = {Paläopathologische, paläodemographische und medizingeschichtliche
	Untersuchungen},
    keywords = {Römer, Paläodemographie, Paläopathologie, Medizingeschichte,
	Anthropologie, Baden-Württemberg},
    location = {Freiburg/Br.},
    language = {german},
    gender = {sm},
    institution = {Univ. Freiburg/Br.},
}
